@book{cours,
    title = {Protocoles & RÃ©seaux},
    author = {Marc Schaefer},
    isbn = {978-2-940387-09-0},
    year = {2017},
    keywords = {network}
}
